<record><leader>00000cas a2200000 a 4500</leader><controlfield tag="001">11374609</controlfield><controlfield tag="008">841112d18561863inuwr ne      0    0eng c</controlfield><datafield ind1=" " ind2=" " tag="010"><subfield code="a">sn 84045460 </subfield></datafield><datafield ind1=" " ind2=" " tag="040"><subfield code="a">NPI</subfield><subfield code="b">eng</subfield><subfield code="c">NPI</subfield><subfield code="d">IUL</subfield><subfield code="d">NPI</subfield><subfield code="d">OCLCQ</subfield><subfield code="d">IUL</subfield><subfield code="d">OCLCF</subfield></datafield><datafield ind1=" " ind2=" " tag="042"><subfield code="a">pcc</subfield></datafield><datafield ind1=" " ind2=" " tag="043"><subfield code="a">n-us-in</subfield></datafield><datafield ind1="0" ind2=" " tag="130"><subfield code="a">Bedford independent (Bedford, Ind. : 1856)</subfield></datafield><datafield ind1="1" ind2="4" tag="245"><subfield code="a">The Bedford independent.</subfield></datafield><datafield ind1=" " ind2=" " tag="260"><subfield code="a">Bedford, Ind. :</subfield><subfield code="b">J.V. Mathes &amp; C.G. Berry</subfield></datafield><datafield ind1=" " ind2=" " tag="300"><subfield code="a">v. ;</subfield><subfield code="c">62 cm.</subfield></datafield><datafield ind1=" " ind2=" " tag="310"><subfield code="a">Weekly</subfield></datafield><datafield ind1="1" ind2=" " tag="362"><subfield code="a">Began on Jan. 24, 1856; ceased in 1863.</subfield><subfield code="z">Cf. Miller, John W. Indiana newspaper bibliog.</subfield></datafield><datafield ind1=" " ind2=" " tag="588"><subfield code="a">Description based on: Vol. 1, no. 11 (April 3, 1856); title from masthead.</subfield></datafield><datafield ind1=" " ind2=" " tag="588"><subfield code="a">Latest issue consulted: Vol. 5, no. 11 (March 28, 1860); U.S. Newspaper Archive (viewed May 25, 2017).</subfield></datafield><datafield ind1=" " ind2="0" tag="651"><subfield code="a">Bedford (Ind.)</subfield><subfield code="v">Newspapers.</subfield></datafield><datafield ind1=" " ind2="0" tag="651"><subfield code="a">Lawrence County (Ind.)</subfield><subfield code="v">Newspapers.</subfield></datafield><datafield ind1=" " ind2="7" tag="655"><subfield code="a">Newspapers.</subfield><subfield code="2">fast</subfield><subfield code="0">(OCoLC)fst01423814</subfield></datafield><datafield ind1=" " ind2="7" tag="651"><subfield code="a">Indiana</subfield><subfield code="z">Bedford.</subfield><subfield code="2">fast</subfield><subfield code="0">(OCoLC)fst01218072</subfield></datafield><datafield ind1=" " ind2="7" tag="651"><subfield code="a">Indiana</subfield><subfield code="z">Lawrence County.</subfield><subfield code="2">fast</subfield><subfield code="0">(OCoLC)fst01205537</subfield></datafield><datafield ind1=" " ind2=" " tag="752"><subfield code="a">United States</subfield><subfield code="b">Indiana</subfield><subfield code="c">Lawrence</subfield><subfield code="d">Bedford.</subfield></datafield><datafield ind1="0" ind2="0" tag="780"><subfield code="t">White River standard (Bedford, Ind.)</subfield><subfield code="w">(DLC)sn 84045462</subfield><subfield code="w">(OCoLC)11374713</subfield></datafield><datafield ind1="0" ind2="0" tag="785"><subfield code="t">Bedford press</subfield><subfield code="w">(DLC)sn 86058446</subfield><subfield code="w">(OCoLC)13449136</subfield></datafield><datafield ind1="4" ind2="1" tag="856"><subfield code="u">https://access.newspaperarchive.com/us/indiana/bedford/bedford-independent/</subfield></datafield></record>